@misc{lgooddatepicker,
  author       = {LGoodDatePicker Team},
  title        = {Lgooddatepicker},
  year         = {2024},
  howpublished = {\url{https://github.com/LGoodDatePicker}},
  note         = {}}
}
